<?xml version="1.0" encoding="UTF-8"?><collection xmlns="http://www.loc.gov/MARC21/slim"><record><leader>00396nam--2200109-i-4500</leader><controlfield tag="001">000040047</controlfield><controlfield tag="002">20161230</controlfield><controlfield tag="005">20161230201042</controlfield><controlfield tag="008">060222s1000------------r-----000-0-eng-d</controlfield><datafield ind1=" " ind2=" " tag="245"><subfield code="a">Safety series:nr.75:insag-2:radionuclide source terma from severe accidents to nuclear power plants with light water reactors report by the int.nuclear safety advisory group</subfield></datafield><datafield ind1=" " ind2=" " tag="260"><subfield code="a">Vienna, Iaea, 1987</subfield></datafield><datafield ind1=" " ind2=" " tag="852"><subfield code="a">11497</subfield></datafield></record></collection>